<record><leader>00000cas a22000007a 4500</leader><controlfield tag="001">13983270</controlfield><controlfield tag="008">860730d1uuu1933txuwr ne      0    0eng d</controlfield><datafield ind1=" " ind2=" " tag="010"><subfield code="a">sn 86088089 </subfield></datafield><datafield ind1=" " ind2=" " tag="040"><subfield code="a">PPM</subfield><subfield code="b">eng</subfield><subfield code="c">PPM</subfield><subfield code="d">OCLCQ</subfield></datafield><datafield ind1=" " ind2=" " tag="042"><subfield code="a">msc</subfield></datafield><datafield ind1="0" ind2="4" tag="245"><subfield code="a">The Banner-bulletin.</subfield></datafield><datafield ind1=" " ind2=" " tag="260"><subfield code="a">Brownwood, Tex. :</subfield><subfield code="b">Mayes Print. Co.</subfield></datafield><datafield ind1=" " ind2=" " tag="300"><subfield code="a">v. :</subfield><subfield code="b">ill.</subfield></datafield><datafield ind1=" " ind2=" " tag="310"><subfield code="a">Weekly</subfield></datafield><datafield ind1="0" ind2=" " tag="362"><subfield code="a">-v. 52, no. 37 (Sept. 28, 1933).</subfield></datafield><datafield ind1=" " ind2=" " tag="588"><subfield code="a">Description based on: Vol. 45, no. 4 (Jan. 7, 1926).</subfield></datafield><datafield ind1=" " ind2=" " tag="752"><subfield code="a">United States</subfield><subfield code="b">Texas</subfield><subfield code="c">Brown</subfield><subfield code="d">Brownwood.</subfield></datafield><datafield ind1="0" ind2="4" tag="780"><subfield code="t">Brown County banner</subfield><subfield code="w">(DLC)sn 88083480</subfield></datafield><datafield ind1="0" ind2="4" tag="780"><subfield code="t">Brownwood bulletin (Brownwood, Tex. : 1885)</subfield><subfield code="w">(DLC)sn 88083480</subfield></datafield><datafield ind1="0" ind2="0" tag="785"><subfield code="t">Brownwood banner</subfield><subfield code="w">(DLC)sn 86088090</subfield></datafield><datafield ind1="1" ind2=" " tag="029"><subfield code="a">AU@</subfield><subfield code="b">000025832208</subfield></datafield></record>